@article{Gerkey,
    author  = "Brian P. Gerkey",
    title   = "A Framework for Studying Multirobot Task Allocation",
    year    = "2003",
    journal = "Multirobot Systems: From Swarms to Intelligent Automata",
    volume  = "2",
    number  = "",
    pages   = "15--26"
}

@article{Badreldin,
    author  = "Mohamed Badreldin and Ahmed Hussein and Alaa Khamis",
    title   = "A Comparative Study between Optimization and Market-based Approaches to Multi-Robot Task Allocation",
    year    = "2013",
    journal = "Advances in Artificial Intelligence",
    volume  = "2013",
    number  = "",
    pages   = ""
}

@article{Khamis,
    author  = "Alaa M. Khamis and Ahmed M. Elmogy",
    title   = "Complex Task Allocation in Mobile Surveillance Systems",
    year    = "2011",
    journal = "Journal of Intelligent and Robotic Systems",
    volume  = "64",
    number  = "33",
    pages   = "33--55"
}

@misc{Talk,
  author = "Alaa Khamis",
  title = "Role of Cooperation in Multi-robot Systems",
  year = 2014,
  organization = "Industry Academia Collaborators"
}

@article{Kirkpatrick,
    author = "S. Kirkpatrick and C. D. Gelatt and M. P. Vecchi",
    title = "Optimization by Simulated Annealing",
    year = "1983",
    journal = "Science",
    volume = "220",
    number = "4598",
    pages = "671--680"
}

@book{Eiben,
   author = {A. E. Eiben and J. E. Smith},
   year = {2003},
   title = {Introduction to Evolutionary Computing},
   publisher = {Springer},
   address = {Berlin}
 }
